@misc{rahulvohraEp30Superhuman2024,
  title = {Ep 30: {{Superhuman CEO Rahul Vohra}} on the {{Future}} of {{Email}} with {{AI}} and the {{Role Agents Will Play}} {\textbar} {{Listen Notes}}},
  shorttitle = {‎{{Show Unsupervised Learning}}, {{Ep Ep}} 30},
  author = {{Rahul Vohra}},
  year = {2024},
  month = mar,
  journal = {Listen Notes},
  urldate = {2024-04-07},
  abstract = {‎Show Unsupervised Learning, Ep Ep 30: Superhuman CEO Rahul Vohra on the Future of Email with AI and the Role Agents Will Play - Mar 19, 2024},
  howpublished = {https://www.listennotes.com/podcasts/unsupervised/ep-30-superhuman-ceo-rahul-qIbGLKHA3wp/},
  langid = {american},
  file = {/Users/laurent 1/Zotero/storage/QP3ZDNJM/ep-30-superhuman-ceo-rahul-qIbGLKHA3wp.html}
}
