@BOOK{Bryar2021,
  title={Working Backwards: Insights, Stories, and Secrets from Inside Amazon},
  author={Bryar, C. and Carr, B.},
  isbn={9781250275714},
  lccn={2020037477},
  url={https://books.google.com/books?id=jdHSzQEACAAJ},
  year={2021},
  publisher={St. Martin's Press}
}

@misc{CommonCog2021,
	abstract = {Working Backwards is the first book that explains how Amazon really works.},
	file = {Snapshot:/Users/laurent 1/Zotero/storage/G76K8N3E/working-backwards.html:text/html},
	journal = {Commoncog},
	language = {en},
	month = apr,
	shorttitle = {Book {Summary}},
	title = {Book {Summary}: {Working} {Backwards}},
	url = {https://commoncog.com/working-backwards/},
	urldate = {2023-12-02},
	year = {2021},
	bdsk-url-1 = {https://commoncog.com/working-backwards/}}


@misc{Amazoncom_B08LYRQZ59,
	title = {Amazon.com: {MeLE} {PCG02} {Fanless} {Mini} {PC} {Stick} {Windows} 11 {Pro} {Celeron}},
	url = {https://www.amazon.com/MeLE-J4125-128G-PCG02-GLE/dp/B08LYRQZ59?th=1},
	urldate = {2023-12-02},
}

@misc{Raspberry-5,
	title = {Buy a {Raspberry} {Pi}\,5},
	url = {https://www.raspberrypi.com/products/raspberry-pi-5/},
	abstract = {The everything computer. Optimised.},
	language = {en-GB},
	urldate = {2023-12-02},
	journal = {Raspberry Pi},
	author = {Ltd, Raspberry Pi},
	file = {Snapshot:/Users/laurent 1/Zotero/storage/X6EQENYE/raspberry-pi-5.html:text/html},
}
@misc{Holmes2017,
	title = {Metrics that {Matter} to {Product} {Managers}},
	url = {https://www.departmentofproduct.com/blog/metrics-matter-product-managers/},
	abstract = {What are the metrics that matter to your product? We take a look at the most important metrics for popular product verticals.},
	language = {en-GB},
	urldate = {2023-12-02},
	journal = {Department of Product},
	author = {Holmes, Richard},
	month = may,
	year = {2017},
	file = {Snapshot:/Users/laurent 1/Zotero/storage/EZLXAHVB/metrics-matter-product-managers.html:text/html},
}


@book{croll_lean_2013,
	address = {Beijing Cambridge Farnham KÃ¶ln Sebastopol Tokyo},
	edition = {First edition},
	series = {The {Lean} series},
	title = {Lean analytics: use data to build a better startup faster},
	isbn = {978-1-4493-3567-0},
	shorttitle = {Lean analytics},
	language = {eng},
	publisher = {O'Reilly},
	author = {Croll, Alistair and Yoskovitz, Benjamin},
	year = {2013},
	file = {Table of Contents PDF:/Users/laurent 1/Zotero/storage/VU3IKDQN/Croll and Yoskovitz - 2013 - Lean analytics use data to build a better startup.pdf:application/pdf},
}


@misc{geckoboard-data-fallacies,
	abstract = {Statistical fallacies are common tricks data can play on you, which lead to mistakes in data interpretation and analysis. Explore some common fallacies.},
	author = {Geckoboard},
	title = {Data {Fallacies} (infographics)},
	url = {https://www.dropbox.com/scl/fi/24lmqv8k9s4548k9rpfdk/Geckoboard-Data-Fallacies-Poster.pdf?rlkey=a2j82r1q70t897nujq8hb3h6s&dl=0},
	bdsk-url-1 = {https://www.dropbox.com/scl/fi/24lmqv8k9s4548k9rpfdk/Geckoboard-Data-Fallacies-Poster.pdf?rlkey=a2j82r1q70t897nujq8hb3h6s&dl=0}}
